%% This BibTeX bibliography file was created using BibDesk.
%% http://bibdesk.sourceforge.net/


%% Created for Tubbs, Jack D. at 2017-03-31 13:09:38 -0500 


%% Saved with string encoding Unicode (UTF-8) 



@article{hill_2006,
	Author = {Hill, S. and Khullar, V. and Wnydaele, J. J. and Lheritier, K.},
	Date-Added = {2017-03-30 21:18:41 +0000},
	Date-Modified = {2017-03-30 21:25:48 +0000},
	Journal = {International urogynecology journal and pelvic floor dysfunction},
	Month = {May},
	Number = {3},
	Pages = {239-47},
	Title = {Dose response with darifenacin, a novel once-daily M3 selective receptor antagonist for the treatment of overactive bladder: results of a fixed dose study.},
	Volume = {17},
	Year = {2006}}

@article{bamber_1975,
	Author = {Bamber, D.},
	Date-Added = {2014-04-21 17:42:27 +0000},
	Date-Modified = {2014-04-21 17:42:27 +0000},
	Journal = {Journal of Mathematical Psychology},
	Pages = {387-415},
	Title = {The area above the ordinal dominance graph and the area below the receiver operating characteristic graph},
	Volume = {12},
	Year = {1975}}

@book{Balakrishnan_Nevzorov,
	Author = {Balakrishnan, N. and Nevzorov, V.},
	Date-Added = {2014-04-21 17:42:27 +0000},
	Date-Modified = {2014-04-21 17:42:27 +0000},
	Publisher = {Wiley, New Jersey},
	Title = {A Primer on Statistical Distributions},
	Year = {2003}}

@article{Bartholomew_1961,
	Author = {Bartholomew, D. J.},
	Date-Added = {2014-04-21 17:42:52 +0000},
	Date-Modified = {2014-04-21 17:42:52 +0000},
	Journal = {Biometrika},
	Pages = {325-332},
	Title = {Ordered tests in the analysis of variance},
	Volume = {48},
	Year = {1961}}

@article{Birnbaum,
	Author = {Birnbaum, Z. and Klose, O.},
	Date-Added = {2014-04-21 17:42:27 +0000},
	Date-Modified = {2014-04-21 17:42:27 +0000},
	Journal = {The Annals of Mathematical Statistics},
	Pages = {933-945},
	Title = {Bounds for the Variance of the Mann-Whitney Statistic},
	Volume = {28},
	Year = {1957}}

@phdthesis{Buros,
	Author = {Buros, A.},
	Date-Added = {2014-10-24 15:57:41 +0000},
	Date-Modified = {2014-10-24 15:59:53 +0000},
	School = {Baylor University},
	Title = {Semiparametric {AUC} Regresssion for Ordered Treatment Effects},
	Year = {2015}}

@article{buros_2015,
	Author = {Buros, A. and Tubbs, J. D. and Van Zyl, J. S.},
	Doi = {10.1080/19466315.2016.1265581},
	Eprint = {http://dx.doi.org/10.1080/19466315.2016.1265581},
	Journal = {Statistics in Biopharmaceutical Research},
	Number = {ja},
	Pages = {0-0},
	Title = {Application of {AUC} Regression for the {Jonckheere} Trend Test},
	Url = {http://dx.doi.org/10.1080/19466315.2016.1265581},
	Volume = {0},
	Year = {0},
	Bdsk-Url-1 = {http://dx.doi.org/10.1080/19466315.2016.1265581}}

@article{buros_2017,
	Author = {Buros, A. and Tubbs, J. D. and Van Zyl, J. S.},
	Date-Added = {2015-08-31 21:16:17 +0000},
	Date-Modified = {2015-09-01 20:37:32 +0000},
	Journal = {Statistics in Biopharmaceuticial Research (to appear)},
	Title = {{AUC} Regression for Multiple Comparisons},
	Year = {2017}}

@article{Chapple_2005,
	Author = {Chapple, C. and Steers, W. and Norton, P.},
	Date-Added = {2014-10-16 20:58:31 +0000},
	Date-Modified = {2016-08-18 16:09:34 +0000},
	Journal = {BJU International},
	Pages = {993-1001},
	Title = {A Pooled Analysis of Three Phase III Studies in Treatment of OAB},
	Volume = {95},
	Year = {2005}}

@article{Delong_1988,
	Author = {DeLong, E. and DeLong, D. and Clarke-Pearson, D.},
	Date-Added = {2014-04-21 17:42:27 +0000},
	Date-Modified = {2014-04-29 20:28:19 +0000},
	Journal = {Biometrics},
	Pages = {837-844},
	Title = {Comparing the areas under two or more correlated receiver operating characteristics curves: a nonparametric approach},
	Volume = {98},
	Year = {1988}}

@techreport{Derr,
	Author = {Derr, B.},
	Date-Added = {2014-04-29 15:41:39 +0000},
	Date-Modified = {2014-04-29 15:41:39 +0000},
	Institution = {SAS Institute Inc.},
	Title = {Ordinal Response Modeling with the LOGISTIC Procedure},
	Year = {2013}}

@article{Dodd_Pepe_2003,
	Author = {Dodd, L.E. and Pepe, M.S.},
	Date-Added = {2014-04-21 17:42:27 +0000},
	Date-Modified = {2014-04-21 17:42:27 +0000},
	Journal = {Journal of the American Statistical Association},
	Pages = {409-417},
	Title = {Semiparametric regression for the area under the receiver operating characteristic curve},
	Volume = {98},
	Year = {2003}}

@article{Dunn_1964,
	Author = {Dunn,Olive J.},
	Isbn = {0040-1706},
	Journal = {Technometrics},
	Language = {English},
	Number = {3},
	Pages = {241-252},
	Title = {Multiple Comparisons Using Rank Sums},
	Volume = {6},
	Year = {1964}}

@article{Dunnett_1955,
	Author = {Dunnett,Charles W.},
	Isbn = {0162-1459},
	Journal = {Journal of the American Statistical Association},
	Language = {English},
	Number = {272},
	Pages = {1096-1121},
	Title = {A Multiple Comparison Procedure for Comparing Several Treatments 	with a Control},
	Volume = {50},
	Year = {1955}}

@article{Fligner,
	Author = {Fligner, M. and Policello, G.},
	Date-Added = {2014-04-21 17:42:27 +0000},
	Date-Modified = {2014-04-21 17:42:27 +0000},
	Journal = {Journal of the American Statistical Association},
	Pages = {162-168},
	Title = {Robust Rank Procedures for the Behrens-Fisher Problem},
	Volume = {76},
	Year = {1981}}

@article{Heagerty_Pepe_1999,
	Author = {Heagerty, P. and Pepe, M. S.},
	Date-Added = {2014-04-21 17:42:27 +0000},
	Date-Modified = {2014-04-21 17:42:27 +0000},
	Journal = {Journal of the Royal Statistical Society},
	Number = {4},
	Pages = {533-551},
	Title = {Semiparametric estimation of regression quantiles with application to standardizing weight for height and age in US children},
	Volume = {48},
	Year = {1999}}

@article{Hayter_1990,
	Author = {Hayter, A.J.},
	Date-Added = {2014-05-10 15:35:21 +0000},
	Date-Modified = {2014-05-10 15:35:21 +0000},
	Journal = {Journal of the American Statistical Association},
	Pages = {778-785},
	Title = {A one-sided studentized range test for testing against a simple ordered alternative},
	Volume = {85},
	Year = {1990}}

@book{Hsu_book,
	Author = {Hsu, J.C.},
	Date-Added = {2014-05-10 15:35:58 +0000},
	Date-Modified = {2014-05-10 15:35:58 +0000},
	Publisher = {London:Chapman and Hall},
	Title = {Multiple Comparisons: Theory and Methods},
	Year = {1996}}

@article{jan_shieh,
	Author = {Jan, Show-Li and Shieh, Gwowen},
	Journal = {Communications in Statistics-Simulation and Computation},
	Number = {4},
	Pages = {1021--1037},
	Publisher = {Taylor \& Francis},
	Title = {Nonparametric multiple test procedures for dose finding},
	Volume = {33},
	Year = {2004}}

@article{Jonckheere_1954,
	Author = {Jonckheere, A. R.},
	Date-Added = {2014-04-21 17:42:52 +0000},
	Date-Modified = {2014-04-21 17:42:52 +0000},
	Journal = {Biometrika},
	Pages = {133-145},
	Title = {A distribution-free k-sample test against ordered alternatives},
	Volume = {41},
	Year = {1954}}

@article{Kruskal_Wallis_1952,
	Author = {Kruskal, W. H. and Wallis, W. A,},
	Date-Added = {2014-04-21 17:42:52 +0000},
	Date-Modified = {2014-04-21 17:42:52 +0000},
	Journal = {Journal of the American Statistical Association},
	Pages = {583-621},
	Title = {Use of ranks in one-criterion variance analysis},
	Volume = {47},
	Year = {1952}}

@book{lehmann,
	Author = {Lehmann, E.},
	Publisher = {Holden-Day, San Francisco},
	Title = {Nonparametrics: Statistical Methods based on Ranks},
	Year = {1975}}

@article{Mann_Whitney_1947,
	Author = {Mann, H. and Whitney, D.},
	Date-Added = {2014-04-21 17:42:27 +0000},
	Date-Modified = {2014-04-29 15:41:04 +0000},
	Journal = {Annals of Mathematical Statistics},
	Pages = {50-60},
	Title = {On a test of whether one of two random variables is stochasitcally larger than the other},
	Volume = {18},
	Year = {1947}}

@article{marcus_1976,
	Author = {Marcus, Ruth and Eric, Peritz and Gabriel, K. R.},
	Doi = {10.1093/biomet/63.3.655},
	Issn = {0006-3444, 1464-3510},
	Journal = {Biometrika},
	Language = {en},
	Number = {3},
	Pages = {655--660},
	Title = {On closed testing procedures with special reference to ordered analysis of variance},
	Urldate = {2016-12-19},
	Volume = {63},
	Year = {1976},
	Bdsk-Url-1 = {http://dx.doi.org/10.1093/biomet/63.3.655}}

@article{Nashimoto,
	Author = {Nashimoto, K. and Wright, F.T.},
	Date-Added = {2014-05-10 15:35:58 +0000},
	Date-Modified = {2014-05-10 15:35:58 +0000},
	Journal = {Computational Statistics and Data Analysis},
	Pages = {5068-5076},
	Title = {Nonparametric multiple-comparison methods for simply ordered medians},
	Volume = {51},
	Year = {2007}}

@article{Obuchowski,
	Author = {Obuchowski, N.A. and McClish, D.},
	Date-Added = {2015-12-12 02:13:31 +0000},
	Date-Modified = {2015-12-12 02:15:59 +0000},
	Journal = {Statistics in Medicine},
	Pages = {1529-1542},
	Title = {Sample size determination for diagnositc accuracy studies involving binormal ROC curve indices},
	Volume = {16},
	Year = {1997}}

@article{Odeh_1971,
	Author = {Odeh, R. E.},
	Date-Added = {2014-04-21 17:42:52 +0000},
	Date-Modified = {2014-04-21 17:42:52 +0000},
	Journal = {Technometrics},
	Number = {4},
	Pages = {912-918},
	Title = {On {Jonckheere's} k-sample test against ordered alternatives},
	Volume = {13},
	Year = {1971}}

@article{Pee_Freedman,
	Author = {Pee, David Y. and Freedman, Laurence S.},
	Date-Added = {2015-07-29 20:49:52 +0000},
	Date-Modified = {2015-07-30 18:49:22 +0000},
	Journal = {Statistics in Medicine},
	Pages = {829-834},
	Title = {A Stratified Wilcoxon-Type Test for Trend},
	Volume = {9},
	Year = {1990}}

@book{pepe_book,
	Author = {Pepe, M. S.},
	Date-Added = {2014-04-21 17:42:27 +0000},
	Date-Modified = {2014-04-21 17:42:27 +0000},
	Title = {The Statistical Evaluation of Medical Tests for Classification and Prediction},
	Volume = {28},
	Year = {2003}}

@article{Pepe_Cai_2004,
	Author = {Pepe, M. S. and Cai, T.},
	Date-Added = {2014-04-21 17:42:27 +0000},
	Date-Modified = {2014-04-21 17:42:27 +0000},
	Journal = {Biometrics},
	Pages = {528-535},
	Title = {The Analysis of Placement Values for Evaluating Discriminatory Measures},
	Volume = {60},
	Year = {2004}}

@article{Puri_1965,
	Author = {Puri, M. L.},
	Date-Added = {2014-04-21 17:42:52 +0000},
	Date-Modified = {2014-04-21 17:42:52 +0000},
	Journal = {Comm. Pure Applied Mathematics XVIII},
	Pages = {51-63},
	Title = {Some distribution-free k-sample rank tests of homogeneity against ordered alternatives},
	Year = {1965}}

@book{Randles_Wolfe,
	Author = {Randles, R. and Wolfe, D.},
	Date-Added = {2014-04-21 17:42:52 +0000},
	Date-Modified = {2014-04-21 17:42:52 +0000},
	Publisher = {Malabar, Florida},
	Title = {Introduction to the Theory of Nonparametric Statistics},
	Year = {1991}}

@article{Robertson_2013,
	Author = {Robertson, J. and Dixon, J. and Sibbering, D.},
	Date-Added = {2014-10-16 20:58:31 +0000},
	Date-Modified = {2014-10-16 21:03:12 +0000},
	Journal = {Breast Cancer Research},
	Pages = {993-1001},
	Title = {A randomized trial to assess the biological activity of short-term fulvestrant 500 mg plus anastrozole versus fulvestrant 500 mg alone of anastrozole alone on primary breast cancer},
	Volume = {15},
	Year = {2013}}

@article{Ruberg_1989,
	Author = {Stephen J. Ruberg},
	Issn = {01621459},
	Journal = {Journal of the American Statistical Association},
	Number = {407},
	Pages = {816-822},
	Publisher = {[American Statistical Association, Taylor & Francis, Ltd.]},
	Title = {Contrasts for Identifying the Minimum Effective Dose},
	Volume = {84},
	Year = {1989}}

@periodical{SAS_Genmod,
	Author = {SAS},
	Date-Added = {2014-04-21 17:42:52 +0000},
	Date-Modified = {2014-04-21 17:42:52 +0000},
	Institution = {SAS Institute Inc, Cary, NC.},
	Journal = {SAS Institute Inc.},
	Publisher = {SAS Institute Inc.},
	Title = {SAS -- The GENMOD Procedure},
	Year = {2008}}

@periodical{SAS_Logistic,
	Author = {SAS},
	Date-Added = {2014-04-21 17:42:27 +0000},
	Date-Modified = {2014-04-21 17:42:27 +0000},
	Institution = {SAS Institute Inc, Cary, NC.},
	Journal = {SAS Institute Inc.},
	Publisher = {SAS Institute Inc.},
	Title = {SAS -- The LOGISTIC Procedure},
	Year = {2008}}

@article{shieh_jan_2004,
	Author = {Shieh, Gwowen and Jan, Show-Li},
	Doi = {10.1046/j.0039-0402.2003.00109.x},
	Issn = {1467-9574},
	Journal = {Statistica Neerlandica},
	Keywords = {Completely randomized design, observed significance level, paired-sample t test, power, relative efficiency, Scheff{\'e} confidence interval, two-sample t test},
	Number = {1},
	Pages = {111--124},
	Publisher = {Blackwell Publishing},
	Title = {The effectiveness of randomized complete block design},
	Volume = {58},
	Year = {2004},
	Bdsk-Url-1 = {http://dx.doi.org/10.1046/j.0039-0402.2003.00109.x}}

@article{Shirley,
	Author = {Shirley, E.},
	Date-Added = {2014-05-10 15:35:21 +0000},
	Date-Modified = {2014-05-10 15:35:21 +0000},
	Journal = {Biometrics},
	Pages = {386-389},
	Title = {A Non-Parametric Equivalent of {Williams'} Test for Contrasting Increasing Dose Levels of a Treatment},
	Volume = {33},
	Year = {1977}}

@techreport{t2dm,
	Author = {Boehringer Ingelheim},
	File = {BI 10773 add-on to Metformin in Patients With Type 2 Diabetes - Study Results - ClinicalTrials.gov:C\:\\Users\\Johanna\\AppData\\Roaming\\Zotero\\Zotero\\Profiles\\lsr9sl03.default\\zotero\\storage\\FEDKR6P6\\NCT00749190.html:text/html},
	Institution = {Bethesda (MD): National Library of Medicine},
	Title = {{BI} 10773 add-on to {Metformin} in {Patients} {With} {Type} 2 {Diabetes} - {Study} {Results}},
	Urldate = {2016-12-19},
	Year = {2014}}

@article{Tamhane,
	Author = {Tamhane, A. C. and Hochberg, Y. and Dunnett, C. W.},
	Date-Added = {2015-12-12 02:16:52 +0000},
	Date-Modified = {2015-12-12 02:24:38 +0000},
	Journal = {Biometrics},
	Number = {21-17},
	Title = {Multiple Test Procedures for Dose Finding},
	Volume = {52},
	Year = {1996}}

@book{tamhane_hochberg_1987,
	Author = {Hochberg, Yosef and Tamhane, Ajit C.},
	Doi = {10.1002/9780470316672.ch2},
	Isbn = {9780470316672},
	Publisher = {John Wiley \& Sons, Inc.},
	Title = {Multiple Comparison Procedures},
	Year = {1987},
	Bdsk-Url-1 = {http://dx.doi.org/10.1002/9780470316672.ch2}}

@article{Terpstra_1952,
	Author = {Terpstra, T.J.},
	Date-Added = {2014-04-21 17:42:52 +0000},
	Date-Modified = {2014-04-21 17:42:52 +0000},
	Journal = {Indagationes Mathematicae},
	Pages = {327-333},
	Title = {The asymptotic normality and consistency of {Kendall's} test against trend, when ties are present in one ranking},
	Volume = {14},
	Year = {1952}}

@article{van_dantzig,
	Author = {Van Dantzig, D.},
	Journal = {Koninklijke Nederlandse Akademie Van Wetenschappen, Proceedings},
	Pages = {1-9},
	Title = {On the consistency and the power of Wilcoxon's two-sample test},
	Volume = {54},
	Year = {1951}}

@article{vanelteren_1960,
	Author = {Van Elteren, P.},
	Date-Added = {2014-04-21 17:42:52 +0000},
	Date-Modified = {2014-04-21 17:42:52 +0000},
	Journal = {Bulletin of the International Statistical Institute},
	Pages = {351-361},
	Title = {On the combination of independent two sample tests of Wilcoxon},
	Volume = {37},
	Year = {1960}}

@article{wald_1944,
	Author = {Wald, A. and Wolfowitz, J.},
	Date-Added = {2014-05-10 15:36:24 +0000},
	Date-Modified = {2014-05-10 15:36:24 +0000},
	Journal = {Annals of Mathematical Statistics},
	Pages = {358-372},
	Title = {Statistical tests based on permutations of the observations},
	Volume = {15},
	Year = {1944}}

@book{westfall_book,
	Author = {Westfall, P., and Tobias, R.D., and Rom, D., Wolfinger, D., and Hochberg Y.},
	Date-Added = {2014-05-10 15:36:47 +0000},
	Date-Modified = {2014-05-10 15:36:47 +0000},
	Publisher = {Cary, NC: SAS Institute Inc.},
	Title = {Multiple Comparisons and Multiple Tests Using SAS},
	Year = {1999}}

@article{Williams,
	Author = {Williams, D.A.},
	Date-Added = {2014-05-10 15:35:21 +0000},
	Date-Modified = {2014-05-10 15:35:21 +0000},
	Journal = {Biometrics},
	Pages = {103-117},
	Title = {A Test for Differences between Treatment Means when Several Dose Levels are Compared with a Zero Dose Control},
	Volume = {27},
	Year = {1971}}

@phdthesis{Zhang,
	Author = {Zhang, L.},
	Date-Added = {2014-04-21 17:42:27 +0000},
	Date-Modified = {2014-04-21 17:42:27 +0000},
	School = {Baylor University},
	Title = {Semiparametric AUC Regression for Testing Treatment Effect in Clinical Trial},
	Year = {2008}}

@article{Zhang_Zhao_Tubbs_2011,
	Author = {Zhang, Lin and Zhao, Yan D. and Tubbs, Jack D.},
	Journal = {Journal of Data Science},
	Keywords = {Finite population, Simple random sampling, Inclusion probability},
	Number = {4},
	Pages = {625--637},
	Title = {Inference for semiparametric {AUC} regression models with discrete covariates},
	Volume = {9},
	Year = {2011}}

@book{Zhou_book,
	Author = {Zhou, X.H., McClish, D.K. and Obuchowski, N.A.},
	Date-Added = {2014-04-21 17:42:27 +0000},
	Date-Modified = {2014-04-21 17:42:27 +0000},
	Publisher = {Wiley, New York.},
	Title = {Statistical Methods in Diagnostic Medicine},
	Year = {2002}}

@article{berger_2001,
	Author = {James O Berger and Alessandra Guglielmi},
	Doi = {10.1198/016214501750333045},
	Journal = {Journal of the American Statistical Association},
	Number = {453},
	Pages = {174-184},
	Title = {Bayesian and Conditional Frequentist Testing of a Parametric Model Versus Nonparametric Alternatives},
	Volume = {96},
	Year = {2001},
	Bdsk-Url-1 = {http://dx.doi.org/10.1198/016214501750333045}}

@article{branscum_bayesian_2008,
	Author = {Branscum, Adam J. and Johnson, Wesley O. and Hanson, Timothy E. and Gardner, Ian A.},
	Doi = {10.1002/sim.3250},
	Issn = {02776715, 10970258},
	Journal = {Statistics in Medicine},
	Language = {en},
	Month = jun,
	Number = {13},
	Pages = {2474--2496},
	Title = {Bayesian semiparametric {ROC} curve estimation and disease diagnosis},
	Url = {http://doi.wiley.com/10.1002/sim.3250},
	Urldate = {2016-12-01},
	Volume = {27},
	Year = {2008},
	Bdsk-Url-1 = {http://doi.wiley.com/10.1002/sim.3250},
	Bdsk-Url-2 = {http://dx.doi.org/10.1002/sim.3250}}

@article{branscum_bayesian_2008-1,
	Author = {Branscum, Adam J. and Hanson, Timothy E.},
	Doi = {10.1111/j.1541-0420.2007.00946.x},
	Issn = {0006341X},
	Journal = {Biometrics},
	Language = {en},
	Month = sep,
	Number = {3},
	Pages = {825--833},
	Title = {Bayesian {Nonparametric} {Meta}-{Analysis} {Using} {Polya} {Tree} {Mixture} {Models}},
	Url = {http://doi.wiley.com/10.1111/j.1541-0420.2007.00946.x},
	Urldate = {2016-12-01},
	Volume = {64},
	Year = {2008},
	Bdsk-Url-1 = {http://doi.wiley.com/10.1111/j.1541-0420.2007.00946.x},
	Bdsk-Url-2 = {http://dx.doi.org/10.1111/j.1541-0420.2007.00946.x}}

@article{branscum_flexible_2015,
	Author = {Branscum, Adam J. and Johnson, Wesley O. and Hanson, Timothy E. and Baron, Andre T.},
	Doi = {10.1002/sim.6610},
	Issn = {02776715},
	Journal = {Statistics in Medicine},
	Language = {en},
	Month = dec,
	Number = {30},
	Pages = {3997--4015},
	Title = {Flexible regression models for {ROC} and risk analysis, with or without a gold standard},
	Url = {http://doi.wiley.com/10.1002/sim.6610},
	Urldate = {2016-12-01},
	Volume = {34},
	Year = {2015},
	Bdsk-Url-1 = {http://doi.wiley.com/10.1002/sim.6610},
	Bdsk-Url-2 = {http://dx.doi.org/10.1002/sim.6610}}

@article{branscum_robust_2013,
	Author = {Branscum, Adam J. and Johnson, Wesley O. and Baron, Andre T.},
	Doi = {10.1155/2013/131232},
	Issn = {2090-2972, 2090-2980},
	Journal = {Epidemiology Research International},
	Language = {en},
	Pages = {1--8},
	Title = {Robust {Medical} {Test} {Evaluation} {Using} {Flexible} {Bayesian} {Semiparametric} {Regression} {Models}},
	Url = {http://www.hindawi.com/journals/eri/2013/131232/},
	Urldate = {2016-12-01},
	Volume = {2013},
	Year = {2013},
	Bdsk-Url-1 = {http://www.hindawi.com/journals/eri/2013/131232/},
	Bdsk-Url-2 = {http://dx.doi.org/10.1155/2013/131232}}

@article{christensen_parametric_2008,
	Author = {Christensen, Ronald and Hanson, Timothy and Jara, Alejandro},
	Doi = {10.1198/000313008X366983},
	Issn = {0003-1305, 1537-2731},
	Journal = {The American Statistician},
	Language = {en},
	Month = nov,
	Number = {4},
	Pages = {296--306},
	Shorttitle = {Parametric {Nonparametric} {Statistics}},
	Title = {Parametric {Nonparametric} {Statistics}: {An} {Introduction} to {Mixtures} of {Finite} {Polya} {Trees}},
	Url = {http://www.tandfonline.com/doi/abs/10.1198/000313008X366983},
	Urldate = {2016-12-01},
	Volume = {62},
	Year = {2008},
	Bdsk-Url-1 = {http://www.tandfonline.com/doi/abs/10.1198/000313008X366983},
	Bdsk-Url-2 = {http://dx.doi.org/10.1198/000313008X366983}}

@techreport{dme_davinci,
	Author = {{Regeneron Pharmaceuticals} and {Bayer}},
	Institution = {Bethesda (MD): National Library of Medicine},
	Title = {DME And VEGF Trap-Eye Investigation of Clinical Impact (DA VINCI) - Study Results},
	Year = {2014}}

@techreport{dme_resolve,
	Author = {Novartis},
	Institution = {Bethesda (MD): National Library of Medicine},
	Title = {Safety and Efficacy of Ranibizumab in Diabetic Macular Edema With Center Involvement (RESOLVE) - Study Results},
	Year = {2011}}

@techreport{dme_restore,
	Author = {Novartis},
	Institution = {Bethesda (MD): National Library of Medicine},
	Title = {A 12 Month Core Study to Assess the Efficacy and Safety of Ranibizumab (Intravitreal Injections) in Patients With Visual Impairment Due to Diabetic Macular Edema and a 24 Month Open-label Extension Study (RESTORE) - Study Results},
	Year = {2013}}

@techreport{dme_vista,
	Author = {{Regeneron Pharmaceuticals} and {Bayer}},
	Institution = {Bethesda (MD): National Library of Medicine},
	Title = {Study of Intravitreal Aflibercept Injection (IAI; EYLEA{\textregistered}; BAY86-5321) in Patients With Diabetic Macular Edema (VISTA DME) - Study Results},
	Year = {2015}}

@techreport{dme_vivid,
	Author = {Bayer and {Regeneron Pharmaceuticals}},
	Institution = {Bethesda (MD): National Library of Medicine},
	Title = {Intravitreal Aflibercept Injection in Vision Impairment Due to DME (VIVID-DME) - Study Results},
	Year = {2016}}

@article{dorfman_maximum_1968,
	Abstract = {Ogilvie and Creelman have recently attempted to develop maximum likelihood estimates of the parameters of signal-detection theory from the data of yes-no ROC curves. Their method involved the assumpti},
	Author = {Dorfman, Donald D. and Alf, Edward},
	Doi = {10.1007/BF02289677},
	File = {Snapshot:C\:\\Users\\Johanna\\AppData\\Roaming\\Zotero\\Zotero\\Profiles\\lsr9sl03.default\\zotero\\storage\\4QZ8HW2P\\10.html:text/html},
	Issn = {0033-3123, 1860-0980},
	Journal = {Psychometrika},
	Language = {en},
	Month = mar,
	Number = {1},
	Pages = {117--124},
	Title = {Maximum likelihood estimation of parameters of signal detection theory - {A} direct solution},
	Url = {http://link.springer.com.library.baylorhealth.edu/article/10.1007/BF02289677},
	Urldate = {2016-11-30},
	Volume = {33},
	Year = {1968},
	Bdsk-Url-1 = {http://link.springer.com.library.baylorhealth.edu/article/10.1007/BF02289677},
	Bdsk-Url-2 = {http://dx.doi.org/10.1007/BF02289677}}

@article{faraggi_estimation_2002,
	Author = {Faraggi, David and Reiser, Benjamin},
	Doi = {10.1002/sim.1228},
	Issn = {0277-6715, 1097-0258},
	Journal = {Statistics in Medicine},
	Language = {en},
	Month = oct,
	Number = {20},
	Pages = {3093--3106},
	Title = {Estimation of the area under the {ROC} curve},
	Url = {http://doi.wiley.com/10.1002/sim.1228},
	Urldate = {2016-11-30},
	Volume = {21},
	Year = {2002},
	Bdsk-Url-1 = {http://doi.wiley.com/10.1002/sim.1228},
	Bdsk-Url-2 = {http://dx.doi.org/10.1002/sim.1228}}

@article{hossain_a_khan_h_beyene_j_bayesian_2015,
	Author = {{Hossain A, Khan H, Beyene J}},
	Journal = {Annals of Biometrics \& Biostatistics},
	Month = jan,
	Number = {1},
	Pages = {1013},
	Title = {Bayesian {Regression} {Technique} to {Estimate} {Area} {Under} the {Receiver} {Operating} {Characteristic} {Curve} and its {Application} to {Microrna} {Data}},
	Volume = {2},
	Year = {2015}}

@article{hanson_inference_2006,
	Author = {Hanson, Timothy E},
	Doi = {10.1198/016214506000000384},
	Issn = {0162-1459, 1537-274X},
	Journal = {Journal of the American Statistical Association},
	Language = {en},
	Month = dec,
	Number = {476},
	Pages = {1548--1565},
	Title = {Inference for {Mixtures} of {Finite} {Polya} {Tree} {Models}},
	Url = {http://www.tandfonline.com/doi/abs/10.1198/016214506000000384},
	Urldate = {2016-12-01},
	Volume = {101},
	Year = {2006},
	Bdsk-Url-1 = {http://www.tandfonline.com/doi/abs/10.1198/016214506000000384},
	Bdsk-Url-2 = {http://dx.doi.org/10.1198/016214506000000384}}

@article{hanson_modeling_2002,
	Author = {Hanson, Timothy and Johnson, Wesley O.},
	Doi = {10.1198/016214502388618843},
	Issn = {0162-1459},
	Journal = {Journal of the American Statistical Association},
	Month = dec,
	Number = {460},
	Pages = {1020--1033},
	Title = {Modeling {Regression} {Error} {With} a {Mixture} of {Polya} {Trees}},
	Url = {http://dx.doi.org/10.1198/016214502388618843},
	Urldate = {2016-12-01},
	Volume = {97},
	Year = {2002},
	Bdsk-Url-1 = {http://dx.doi.org/10.1198/016214502388618843}}

@article{johnson_bayesian_1986,
	Author = {Johnson, Wesley and Christensen, Ronald},
	Doi = {10.2307/3315188},
	Issn = {03195724, 1708945X},
	Journal = {Canadian Journal of Statistics},
	Language = {en},
	Month = dec,
	Number = {4},
	Pages = {307--314},
	Title = {Bayesian nonparametric survival analysis for grouped data},
	Url = {http://doi.wiley.com/10.2307/3315188},
	Urldate = {2016-12-01},
	Volume = {14},
	Year = {1986},
	Bdsk-Url-1 = {http://doi.wiley.com/10.2307/3315188},
	Bdsk-Url-2 = {http://dx.doi.org/10.2307/3315188}}

@article{lavine_aspects_1992,
	Author = {Lavine, Michael},
	Doi = {10.1214/aos/1176348767},
	Issn = {0090-5364},
	Journal = {The Annals of Statistics},
	Language = {en},
	Month = sep,
	Number = {3},
	Pages = {1222--1235},
	Title = {Some {Aspects} of {Polya} {Tree} {Distributions} for {Statistical} {Modelling}},
	Url = {http://projecteuclid.org/euclid.aos/1176348767},
	Urldate = {2016-12-01},
	Volume = {20},
	Year = {1992},
	Bdsk-Url-1 = {http://projecteuclid.org/euclid.aos/1176348767},
	Bdsk-Url-2 = {http://dx.doi.org/10.1214/aos/1176348767}}

@article{lavine_more_1994,
	Author = {Lavine, Michael},
	Doi = {10.1214/aos/1176325623},
	Issn = {0090-5364},
	Journal = {The Annals of Statistics},
	Language = {en},
	Month = sep,
	Number = {3},
	Pages = {1161--1176},
	Title = {More {Aspects} of {Polya} {Tree} {Distributions} for {Statistical} {Modelling}},
	Url = {http://projecteuclid.org/euclid.aos/1176325623},
	Urldate = {2016-12-01},
	Volume = {22},
	Year = {1994},
	Bdsk-Url-1 = {http://projecteuclid.org/euclid.aos/1176325623},
	Bdsk-Url-2 = {http://dx.doi.org/10.1214/aos/1176325623}}

@article{mcclish_analyzing_1989,
	Abstract = {SAGE Publications},
	Author = {McClish, Donna Katzman},
	Doi = {10.1177/0272989X8900900307},
	File = {Snapshot:C\:\\Users\\Johanna\\AppData\\Roaming\\Zotero\\Zotero\\Profiles\\lsr9sl03.default\\zotero\\storage\\CQA33WXA\\190.html:text/html},
	Issn = {0272-989X, 1552-681X},
	Journal = {Medical Decision Making},
	Language = {en},
	Month = aug,
	Number = {3},
	Pages = {190--195},
	Pmid = {2668680},
	Title = {Analyzing a {Portion} of the {ROC} {Curve}},
	Url = {http://mdm.sagepub.com/content/9/3/190},
	Urldate = {2016-11-30},
	Volume = {9},
	Year = {1989},
	Bdsk-Url-1 = {http://mdm.sagepub.com/content/9/3/190},
	Bdsk-Url-2 = {http://dx.doi.org/10.1177/0272989X8900900307}}

@article{obuchowski_computing_1994,
	Abstract = {RATIONALE AND OBJECTIVES: Hanley and McNeil (1982) proposed a nonparametric method for computing the standard error of the area under the receiver operating characteristic (ROC) curve. The method has been important in planning the minimum sample size for ROC studies. However, the validity of this method for rating data with various standard deviation ratios has not been investigated.
METHODS: A simulation study was conducted to compare the empirical standard error of the area under the curve with Hanley and McNeil's estimate over a range of parameters. An alternative method of computing the standard error based on a binormal distribution is proposed.
RESULTS: The method of Hanley and McNeil can lead to underestimation of the minimum sample size. The proposed method provides more appropriate estimates of sample size.
CONCLUSIONS: When determining sample size for a study of the area under the ROC curve where rating data are used, the standard error estimator based on the binormal distribution should be used.},
	Author = {Obuchowski, N. A.},
	Issn = {0020-9996},
	Journal = {Investigative Radiology},
	Keywords = {Mathematics, Radiology, ROC Curve},
	Language = {ENG},
	Month = feb,
	Number = {2},
	Pages = {238--243},
	Pmid = {8169102},
	Title = {Computing sample size for receiver operating characteristic studies},
	Volume = {29},
	Year = {1994}}

@article{obuchowski_sample_1997,
	Abstract = {Receiver operating characteristic (ROC) curves and their associated indices are valuable tools for the assessment of the accuracy of diagnostic tests. The area under the ROC curve is a popular summary measure of the accuracy of a test. The full area under the ROC curve, however, has been criticized because it gives equal weight to all false positive error rates. Alternative indices include the area under the ROC curve in a particular range of false positive rates ('partial' area) and the sensitivity of the test for a single fixed false positive rate (FPR). We present a unified approach for computing sample size for binormal ROC curves and their indices. Our method uses Taylor series expansions to derive approximate large-sample estimates of the variance and covariance of binormal ROC curve parameters. Several examples from diagnostic radiology illustrate the proposed method.},
	Author = {Obuchowski, N. A. and McClish, D. K.},
	Issn = {0277-6715},
	Journal = {Statistics in Medicine},
	Keywords = {Diagnostic Tests, Routine, Humans, Monte Carlo Method, Predictive Value of Tests, Reference Values, ROC Curve, Sensitivity and Specificity},
	Language = {ENG},
	Month = jul,
	Number = {13},
	Pages = {1529--1542},
	Pmid = {9249923},
	Title = {Sample size determination for diagnostic accuracy studies involving binormal {ROC} curve indices},
	Volume = {16},
	Year = {1997}}

@article{pepe_estimation_2009,
	Author = {Pepe, Margaret and Longton, Gary and Janes, Holly},
	File = {PubMed Central Full Text PDF:C\:\\Users\\Johanna\\AppData\\Roaming\\Zotero\\Zotero\\Profiles\\lsr9sl03.default\\zotero\\storage\\JUH6Z3BE\\Pepe et al. - 2009 - Estimation and Comparison of Receiver Operating Ch.pdf:application/pdf},
	Issn = {1536-867X},
	Journal = {The Stata journal},
	Month = mar,
	Number = {1},
	Pages = {1},
	Pmcid = {PMC2774909},
	Pmid = {20161343},
	Title = {Estimation and {Comparison} of {Receiver} {Operating} {Characteristic} {Curves}},
	Urldate = {2016-12-01},
	Volume = {9},
	Year = {2009}}

@book{stangl_meta-analysis_2000,
	Author = {Stangl, Dalene and Berry, Donald A.},
	Isbn = {978-0-203-90993-5},
	Keywords = {Mathematics / Probability \& Statistics / 		General},
	Language = {en},
	Month = apr,
	Note = {Google-Books-ID: Zj7PoheDEtsC},
	Publisher = {CRC Press},
	Title = {Meta-{Analysis} in {Medicine} and {Health} {Policy}},
	Year = {2000}}

@book{sutton_2000,
	Author = {Sutton, Alexander J. and Abrams, Keith R. and Jones, David R. and Sheldon, Trevor A. and Song, Fujian},
	Month = dec,
	Publisher = {John Wiley \& Sons, Inc.},
	Title = {Methods for Meta-{Analysis} in Medical Research},
	Year = {2000}}

@article{Sutton2001,
	Abstract = { This paper reviews the use of Bayesian methods in meta-analysis. Whilst there has been an explosion in the use of meta-analysis over the last few years, driven mainly by the move towards evidence-based healthcare, so too Bayesian methods are being used increasingly within medical statistics. Whilst in many meta-analysis settings the Bayesian models used mirror those previously adopted in a frequentist formulation, there are a number of specific advantages conferred by the Bayesian approach. These include: full allowance for all parameter uncertainty in the model, the ability to include other pertinent information that would otherwise be excluded, and the ability to extend the models to accommodate more complex, but frequently occurring, scenarios. The Bayesian methods discussed are illustrated by means of a meta-analysis examining the evidence relating to electronic fetal heart rate monitoring and perinatal mortality in which evidence is available from a variety of sources. },
	Author = {Alex J Sutton and Keith R Abrams},
	Doi = {10.1177/096228020101000404},
	Journal = {Statistical Methods in Medical Research},
	Note = {PMID: 11491414},
	Number = {4},
	Pages = {277-303},
	Title = {Bayesian methods in meta-analysis and evidence synthesis},
	Volume = {10},
	Year = {2001},
	Bdsk-Url-1 = {http://dx.doi.org/10.1177/096228020101000404}}

@article{van_erkel_receiver_1998,
	Author = {van Erkel, Arian R and Pattynama, Peter M.Th},
	Doi = {10.1016/S0720-048X(97)00157-5},
	Issn = {0720048X},
	Journal = {European Journal of Radiology},
	Language = {en},
	Month = may,
	Number = {2},
	Pages = {88--94},
	Shorttitle = {Receiver operating characteristic ({ROC}) analysis},
	Title = {Receiver operating characteristic ({ROC}) analysis: {Basic} principles and applications in radiology},
	Url = {http://linkinghub.elsevier.com/retrieve/pii/S0720048X97001575},
	Urldate = {2016-11-30},
	Volume = {27},
	Year = {1998},
	Bdsk-Url-1 = {http://linkinghub.elsevier.com/retrieve/pii/S0720048X97001575},
	Bdsk-Url-2 = {http://dx.doi.org/10.1016/S0720-048X(97)00157-5}}

@article{Barendregt2013,
	Abstract = {Meta-analysis is a method to obtain a weighted average of results from various studies. In addition to pooling effect sizes, meta-analysis can also be used to estimate disease frequencies, such as incidence and prevalence. In this article we present methods for the meta-analysis of prevalence. We discuss the logit and double arcsine transformations to stabilise the variance. We note the special situation of multiple category prevalence, and propose solutions to the problems that arise. We describe the implementation of these methods in the MetaXL software, and present a simulation study and the example of multiple sclerosis from the Global Burden of Disease 2010 project. We conclude that the double arcsine transformation is preferred over the logit, and that the MetaXL implementation of multiple category prevalence is an improvement in the methodology of the meta-analysis of prevalence.},
	Author = {Barendregt, Jan J and Doi, Suhail A and Lee, Yong Yi and Norman, Rosana E and Vos, Theo},
	Doi = {10.1136/jech-2013-203104},
	Eprint = {http://jech.bmj.com/content/67/11/974.full.pdf},
	Issn = {0143-005X},
	Journal = {Journal of Epidemiology \& Community Health},
	Number = {11},
	Pages = {974--978},
	Publisher = {BMJ Publishing Group Ltd},
	Title = {Meta-analysis of prevalence},
	Url = {http://jech.bmj.com/content/67/11/974},
	Volume = {67},
	Year = {2013},
	Bdsk-Url-1 = {http://jech.bmj.com/content/67/11/974},
	Bdsk-Url-2 = {http://dx.doi.org/10.1136/jech-2013-203104}}

@article{Cherian2003,
	Author = {Cherian, George and Habashy, Atef G and Uthaman, Babu and Hanna, Ragaie M},
	Journal = {Indian heart journal},
	Language = {eng},
	Number = {3},
	Pages = {228--233},
	Pmid = {14560931},
	Title = {{Tuberculous pericardial effusion--mediastinal lymph glands: the cause and clue to the etiology.}},
	Volume = {55},
	Year = {2003}}

@article{Clopper1934,
	Author = {Clopper, C. J. and Pearson, E. S.},
	Doi = {10.1093/biomet/26.4.404},
	Issn = {0006-3444},
	Journal = {Biometrika},
	Number = {4},
	Pages = {404--413},
	Publisher = {Oxford University Press},
	Title = {{The use of confidence or fiducial limits illustrated in the case of the binomial}},
	Volume = {26},
	Year = {1934},
	Bdsk-Url-1 = {http://dx.doi.org/10.1093/biomet/26.4.404}}

@article{DerSimonian1986,
	Author = {Rebecca DerSimonian and Nan Laird},
	Doi = {http://dx.doi.org/10.1016/0197-2456(86)90046-2},
	Issn = {0197-2456},
	Journal = {Controlled Clinical Trials},
	Keywords = {covariate information},
	Number = {3},
	Pages = {177 - 188},
	Title = {Meta-analysis in clinical trials},
	Url = {//www.sciencedirect.com/science/article/pii/0197245686900462},
	Volume = {7},
	Year = {1986},
	Bdsk-Url-1 = {//www.sciencedirect.com/science/article/pii/0197245686900462},
	Bdsk-Url-2 = {http://dx.doi.org/10.1016/0197-2456(86)90046-2}}

@article{DerSimonian2015,
	Author = {Rebecca DerSimonian and Nan Laird},
	Doi = {http://dx.doi.org/10.1016/j.cct.2015.09.002},
	Issn = {1551-7144},
	Journal = {Contemporary Clinical Trials},
	Keywords = {Big Data},
	Note = {10th Anniversary Special Issue},
	Pages = {139 - 145},
	Title = {Meta-analysis in clinical trials revisited},
	Url = {//www.sciencedirect.com/science/article/pii/S1551714415300781},
	Volume = {45, Part A},
	Year = {2015},
	Bdsk-Url-1 = {//www.sciencedirect.com/science/article/pii/S1551714415300781},
	Bdsk-Url-2 = {http://dx.doi.org/10.1016/j.cct.2015.09.002}}

@article{Doi2008,
	Author = {Suhail A. R. Doi and Lukman Thalib},
	Issn = {10443983},
	Journal = {Epidemiology},
	Number = {1},
	Pages = {94-100},
	Publisher = {Lippincott Williams & Wilkins},
	Title = {A Quality-Effects Model for Meta-Analysis},
	Url = {http://www.jstor.org/stable/20486499},
	Volume = {19},
	Year = {2008},
	Bdsk-Url-1 = {http://www.jstor.org/stable/20486499}}

@article{Evans2008,
	Author = {Evans, D J and Mayosi, B.M. and Ntsekhe, M. and Volmink, J.A. and Commerford, P.J. and Matchaba, P.T. and {et al.}},
	Doi = {10.1016/j.rmed.2008.01.018},
	Issn = {0954-6111},
	Journal = {Respiratory Medicine},
	Month = {jun},
	Number = {6},
	Pages = {793--800},
	Pmid = {18407484},
	Publisher = {Elsevier},
	Title = {{The use of adjunctive corticosteroids in the treatment of pericardial, pleural and meningeal tuberculosis: do they improve outcome?}},
	Volume = {102},
	Year = {2008},
	Bdsk-Url-1 = {http://dx.doi.org/10.1016/j.rmed.2008.01.018}}

@article{Freeman1950,
	Author = {Freeman, Murray F. and Tukey, John W.},
	Doi = {10.1214/aoms/1177729756},
	Fjournal = {The Annals of Mathematical Statistics},
	Journal = {Ann. Math. Statist.},
	Month = {12},
	Number = {4},
	Pages = {607--611},
	Publisher = {The Institute of Mathematical Statistics},
	Title = {Transformations Related to the Angular and the Square Root},
	Url = {http://dx.doi.org/10.1214/aoms/1177729756},
	Volume = {21},
	Year = {1950},
	Bdsk-Url-1 = {http://dx.doi.org/10.1214/aoms/1177729756}}

@article{Fowler1991,
	Author = {Fowler, Noble O. and Wolinsky, E and Strang, JIG and Kakaza, HHS and Gibson, DG and Davidson, PT and {et al.}},
	Doi = {10.1001/JAMA.1991.03470010103039},
	File = {::},
	Issn = {0098-7484},
	Journal = {JAMA},
	Number = {1},
	Pages = {1682--1693},
	Publisher = {American Medical Association},
	Title = {{Tuberculous Pericarditis}},
	Volume = {266},
	Year = {1991},
	Bdsk-Url-1 = {http://dx.doi.org/10.1001/JAMA.1991.03470010103039}}

@article{Hakim2000,
	Author = {Hakim, J G and Ternouth, I and Mushangi, E and Siziya, S and Robertson, V and Malin, A},
	Issn = {1355-6037},
	Journal = {Heart},
	Number = {2},
	Pages = {183--188},
	Title = {{Double blind randomised placebo controlled trial of adjunctive prednisolone in the treatment of effusive tuberculous pericarditis in HIV seropositive patients}},
	Volume = {84},
	Year = {2000}}

@article{Hamza2008,
	Author = {Hamza, T H and van Houwelingen, H C and Stijnen, T},
	Doi = {10.1016/j.jclinepi.2007.03.016},
	Journal = {J Clin Epidemiol},
	Title = {{The binomial distribution of meta-analysis was preferred to model within-study variability}},
	Volume = {61},
	Year = {2008},
	Bdsk-Url-1 = {http://dx.doi.org/10.1016/j.jclinepi.2007.03.016}}

@article{Harvey1937,
	Author = {Harvey, A.M. and Whitehill, M.R.},
	Journal = {Medicine},
	Number = {1},
	Pages = {45--94},
	Title = {{Tuberculous pericarditis.}},
	Volume = {16},
	Year = {1937}}

@article{Higgins2003,
	Author = {Higgins, Julian P T and Thompson, Simon G and Deeks, Jonathan J and Altman, Douglas G},
	Doi = {10.1136/bmj.327.7414.557},
	File = {:C$\backslash$:/Users/Johanna/AppData/Local/Mendeley Ltd./Mendeley Desktop/Downloaded/Higgins et al. - 2003 - Measuring inconsistency in meta-analyses.pdf:pdf},
	Issn = {1756-1833},
	Journal = {BMJ (Clinical research ed.)},
	Month = {sep},
	Number = {7414},
	Pages = {557--560},
	Pmid = {12958120},
	Publisher = {BMJ Group},
	Title = {{Measuring inconsistency in meta-analyses.}},
	Volume = {327},
	Year = {2003},
	Bdsk-Url-1 = {http://dx.doi.org/10.1136/bmj.327.7414.557}}

@article{Lazarus2007,
	Author = {Lazarus, Angeline A and Thilagar, Bennett and Reider, H.L. and Snider, D.E. and Cauthen, G.M. and Shafer, R.W. and {et al.}},
	Doi = {10.1016/j.disamonth.2006.10.006},
	File = {::},
	Issn = {0011-5029},
	Journal = {Disease-a-month : DM},
	Month = {jan},
	Number = {1},
	Pages = {46--54},
	Pmid = {17224323},
	Publisher = {Elsevier},
	Title = {{Tuberculosis of pericardium, larynx, and other uncommon sites.}},
	Volume = {53},
	Year = {2007},
	Bdsk-Url-1 = {http://dx.doi.org/10.1016/j.disamonth.2006.10.006}}

@article{Li2016,
	Author = {Li, H. and Liu, F.-Y. and Li, X.-L. and Zhu, L. and Zhou, H.},
	Journal = {Eur Rev Med Pharmacol Sci},
	Number = {6},
	Pages = {1130-1134},
	Title = {Clinical observation on pericardiocentesis and glucocorticoid in the treatment of tuberculous pericarditis},
	Volume = {20},
	Year = {2016}}

@article{Komsuoglu1994,
	Author = {Komsuoglu, B. and Goldeli, O. and Kulan, K. and Gedik, Y.},
	Journal = {Acta Cardiologica},
	Number = {2},
	Pages = {157-164},
	Title = {Tuberculous Pericarditis in North-East Turkey},
	Volume = {49},
	Year = {1994}}

@article{Maher1997,
	Author = {Maher, D and Harries, A D},
	Issn = {1027-3719},
	Journal = {The international journal of tuberculosis and lung disease : the official journal of the International Union against Tuberculosis and Lung Disease},
	Number = {4},
	Pages = {358--364},
	Title = {{Tuberculous pericardial effusion: a prospective clinical study in a low-resource setting--Blantyre, Malawi.}},
	Url = {http://www.embase.com/search/results?subaction=viewrecord{\&}from=export{\&}id=L128201753},
	Volume = {1},
	Year = {1997},
	Bdsk-Url-1 = {http://www.embase.com/search/results?subaction=viewrecord%7B%5C&%7Dfrom=export%7B%5C&%7Did=L128201753}}

@article{Margulis2014,
	Author = {Margulis, Andrea V and Pladevall, Manel and Riera-Guardia, Nuria and Varas-Lorenzo, Cristina and Hazell, Lorna and Berkman, Nancy D and Viswanathan, Meera and Perez-Gutthann, Susana},
	Doi = {10.2147/CLEP.S66677},
	Journal = {Clinical Epidemiology},
	Title = {{Quality assessment of observational studies in a drug-safety systematic review, comparison of two tools: the Newcastle--Ottawa scale and the RTI item bank}},
	Volume = {6},
	Year = {2014},
	Bdsk-Url-1 = {http://dx.doi.org/10.2147/CLEP.S66677}}

@article{Mayosi2002,
	Author = {Mayosi, B M and Ntsekhe, M and Volmink, J A and Commerford, P J},
	Doi = {10.1002/14651858.CD000526},
	Issn = {1469-493X},
	Journal = {The Cochrane database of systematic reviews},
	Pages = {CD000526},
	Pmid = {12519546},
	Title = {{Interventions for treating tuberculous pericarditis.}},
	Volume = {4},
	Year = {2002},
	Bdsk-Url-1 = {http://dx.doi.org/10.1002/14651858.CD000526}}

@incollection{Mayosi2002a,
	Address = {Chichester, UK},
	Author = {Mayosi, B.M.},
	Booktitle = {Cochrane Database of Systematic Reviews},
	Doi = {10.1002/14651858.CD000526},
	Editor = {Mayosi, Bongani M},
	File = {::},
	Issn = {1465-1858},
	Month = {oct},
	Publisher = {John Wiley {\&} Sons, Ltd},
	Title = {{Interventions for treating tuberculous pericarditis}},
	Year = {2002},
	Bdsk-Url-1 = {http://dx.doi.org/10.1002/14651858.CD000526}}

@article{Mayosi2005,
	Author = {Mayosi, Bongani M. and Burgess, Lesley J. and Doubell, Anton F.},
	Journal = {Circulation},
	Number = {23},
	Pages = {3608--3616},
	Title = {{Tuberculous Pericarditis}},
	Volume = {112},
	Year = {2005}}

@article{Mayosi2008,
	Author = {Mayosi, B M and Wiysonge, C S and Ntsekhe, M and Gumedze, F and Volmink, J A and Maartens, G},
	Issn = {0256-9574},
	Journal = {South African Medical Journal},
	Number = {1},
	Pages = {36--40},
	Title = {{Mortality in patients treated for tuberculous pericarditis in sub-Saharan Africa}},
	Url = {http://www.embase.com/search/results?subaction=viewrecord{\&}from=export{\&}id=L351308335},
	Volume = {98},
	Year = {2008},
	Bdsk-Url-1 = {http://www.embase.com/search/results?subaction=viewrecord%7B%5C&%7Dfrom=export%7B%5C&%7Did=L351308335}}

@article{Mayosi2014,
	Author = {Mayosi, Bongani M. and Ntsekhe, Mpiko and Bosch, Jackie and Pandie, Shaheen and Jung, Hyejung and Gumedze, Freedom and {et al.}},
	Doi = {10.1056/NEJMoa1407380},
	File = {::},
	Issn = {0028-4793},
	Journal = {New England Journal of Medicine},
	Month = {sep},
	Number = {12},
	Pages = {1121--1130},
	Publisher = {Massachusetts Medical Society},
	Title = {{Prednisolone and Mycobacterium indicus pranii in Tuberculous Pericarditis}},
	Volume = {371},
	Year = {2014},
	Bdsk-Url-1 = {http://dx.doi.org/10.1056/NEJMoa1407380}}

@article{Moher2009,
	Author = {Moher, David and Liberati, Alessandro and Tetzlaff, Jennifer and Altman, Douglas G},
	Doi = {10.1371/journal.pmed.1000097},
	Issn = {1549-1676},
	Journal = {PLoS medicine},
	Month = {jul},
	Number = {7},
	Pages = {e1000097},
	Pmid = {19621072},
	Publisher = {Public Library of Science},
	Title = {{Preferred reporting items for systematic reviews and meta-analyses: the PRISMA statement.}},
	Url = {http://dx.doi.org/10.1371/journal.pmed.1000097},
	Volume = {6},
	Year = {2009},
	Bdsk-Url-1 = {http://dx.doi.org/10.1371/journal.pmed.1000097}}

@article{Ntsekhe2003,
	Author = {Ntsekhe, M. and Wiysonge, C. and Volmink, J.A. and Commerford, P.J. and Mayosi, B.M.},
	Journal = {QJM},
	Number = {8},
	Pages = {593--599},
	Title = {{Adjuvant corticosteroids for tuberculous pericarditis: promising, but not proven}},
	Volume = {96},
	Year = {2003}}

@article{Ntsekhe2013,
	Author = {Ntsekhe, Mpiko and Mayosi, Bongani M.},
	Doi = {10.1007/s10741-012-9310-6},
	File = {::},
	Issn = {1382-4147},
	Journal = {Heart Failure Reviews},
	Month = {may},
	Number = {3},
	Pages = {367--373},
	Publisher = {Springer US},
	Title = {{Tuberculous pericarditis with and without HIV}},
	Volume = {18},
	Year = {2013},
	Bdsk-Url-1 = {http://dx.doi.org/10.1007/s10741-012-9310-6}}

@article{Nyaga2014,
	Author = {Nyaga, Victoria N and Arbyn, Marc and Aerts, Marc},
	Doi = {10.1186/2049-3258-72-39},
	Issn = {2049-3258},
	Journal = {Archives of Public Health},
	Number = {1},
	Pages = {39},
	Title = {{Metaprop: a Stata command to perform meta-analysis of binomial data}},
	Volume = {72},
	Year = {2014},
	Bdsk-Url-1 = {http://dx.doi.org/10.1186/2049-3258-72-39}}

@book{Parmigiani2002,
	Author = {Parmigiani, G.},
	Isbn = {9780471986089},
	Pages = {266},
	Publisher = {J. Wiley},
	Title = {{Modeling in medical decision making : a Bayesian approach}},
	Year = {2002}}

@article{Pasipanodya2015,
	Author = {Pasipanodya, J G and Mubanga, M and Ntsekhe, M and Pandie, S and Magazi, B T and Gumedze, F},
	Issn = {2352-3964},
	Journal = {EBioMedicine},
	Number = {11},
	Pages = {1634--1639},
	Title = {{Tuberculous Pericarditis is Multibacillary and Bacterial Burden Drives High Mortality}},
	Url = {http://www.embase.com/search/results?subaction=viewrecord{\&}from=export{\&}id=L606698487 http://dx.doi.org/10.1016/j.ebiom.2015.09.034},
	Volume = {2},
	Year = {2015},
	Bdsk-Url-1 = {http://www.embase.com/search/results?subaction=viewrecord%7B%5C&%7Dfrom=export%7B%5C&%7Did=L606698487%20http://dx.doi.org/10.1016/j.ebiom.2015.09.034}}

@article{Reuter2006,
	Author = {Reuter, H and Burgess, L J and Louw, V J and Doubell, A F},
	Issn = {1015-9657},
	Journal = {Cardiovascular Journal of South Africa},
	Number = {5},
	Pages = {233--238},
	Title = {{Experience with adjunctive corticosteroids in managing tuberculous pericarditis}},
	Url = {http://www.embase.com/search/results?subaction=viewrecord{\&}from=export{\&}id=L46089125},
	Volume = {17},
	Year = {2006},
	Bdsk-Url-1 = {http://www.embase.com/search/results?subaction=viewrecord%7B%5C&%7Dfrom=export%7B%5C&%7Did=L46089125}}

@article{Reuter2007,
	Author = {Reuter, H and Burgess, L J and Louw, V J and Doubell, A F},
	Issn = {1015-9657},
	Journal = {Cardiovascular Journal of South Africa},
	Number = {1},
	Pages = {20--25},
	Title = {{The management of tuberculous pericardial effusion: Experience in 233 consecutive patients}},
	Url = {http://www.embase.com/search/results?subaction=viewrecord{\&}from=export{\&}id=L46662550},
	Volume = {18},
	Year = {2007},
	Bdsk-Url-1 = {http://www.embase.com/search/results?subaction=viewrecord%7B%5C&%7Dfrom=export%7B%5C&%7Did=L46662550}}

@article{Sagrista1988,
	Author = {J Sagrista-Sauleda and G Permanyer-Miralda and J Soler-Soler},
	Doi = {http://dx.doi.org/10.1016/0735-1097(88)90203-3},
	Issn = {0735-1097},
	Journal = {Journal of the American College of Cardiology},
	Number = {4},
	Pages = {724 - 728},
	Title = {Tuberculous pericarditis: Ten year experience with a prospective protocol for diagnosis and treatment},
	Url = {http://www.sciencedirect.com/science/article/pii/0735109788902033},
	Volume = {11},
	Year = {1988},
	Bdsk-Url-1 = {http://www.sciencedirect.com/science/article/pii/0735109788902033},
	Bdsk-Url-2 = {http://dx.doi.org/10.1016/0735-1097(88)90203-3}}

@article{Shamseer2015,
	Author = {Shamseer, Larissa and Moher, David and Clarke, Mike and Ghersi, Davina and Liberati, Alessandro and Petticrew, Mark and {et al.}},
	Journal = {BMJ},
	Title = {{Preferred reporting items for systematic review and meta-analysis protocols (PRISMA-P) 2015: elaboration and explanation}},
	Volume = {350},
	Year = {2015}}

@article{Shamseer,
	Author = {Shamseer, Larissa and Moher, David and Clarke, Mike and Ghersi, Davina and Liberati, Alessandro and Petticrew, Mark and {et al.}},
	Doi = {10.1136/bmj.g7647},
	Title = {{Preferred reporting items for systematic review and meta-analysis protocols (PRISMA-P) 2015: elaboration and explanation OPEN ACCESS}},
	Bdsk-Url-1 = {http://dx.doi.org/10.1136/bmj.g7647}}

@article{Shenje2015,
	Author = {Shenje, Justin and {Ifeoma Adimora-Nweke}, F. and Ross, Ian L. and Ntsekhe, Mpiko and Wiesner, Lubbe and Deffur, Armin and {et al.}},
	Doi = {10.1016/j.ebiom.2015.09.025},
	Issn = {23523964},
	Journal = {EBioMedicine},
	Number = {11},
	Pages = {1640--1649},
	Title = {{Poor Penetration of Antibiotics Into Pericardium in Pericardial Tuberculosis}},
	Volume = {2},
	Year = {2015},
	Bdsk-Url-1 = {http://dx.doi.org/10.1016/j.ebiom.2015.09.025}}

@article{Stijnen2010,
	Author = {Stijnen, Theo and Hamza, Taye H and {\"{O}}zdemir, Pinar},
	Doi = {10.1002/sim.4040},
	Issn = {1097-0258},
	Journal = {Statistics in Medicine},
	Number = {29},
	Pages = {3046--3067},
	Publisher = {John Wiley {\&} Sons, Ltd.},
	Title = {{Random effects meta-analysis of event outcome in the framework of the generalized linear mixed model with applications in sparse data}},
	Volume = {29},
	Year = {2010},
	Bdsk-Url-1 = {http://dx.doi.org/10.1002/sim.4040}}

@article{Strang1987,
	Author = {Strang, J.I.G. and Gibson, D.G. and Nunn, A.J. and Kakaza, H.H.S. and Girling, D.J. and Fox, W.},
	Doi = {10.1016/S0140-6736(87)91127-5},
	Issn = {01406736},
	Journal = {The Lancet},
	Number = {8573},
	Pages = {1418--1422},
	Title = {{Controlled trial of prednisolone as adjuvent in treatment of tuberculous pericarditis in Transkei}},
	Volume = {330},
	Year = {1987},
	Bdsk-Url-1 = {http://dx.doi.org/10.1016/S0140-6736(87)91127-5}}

@article{Strang1988,
	Author = {Strang, J.I.G. and Gibson, D.G. and Mitchison, D.A. and Girling, D.J. and Kakaza, H.H.S. and Allen, B.W. and Evans, D.J. and Nunn, A.J. and Fox, W.},
	Doi = {10.1016/S0140-6736(88)92415-4},
	Issn = {01406736},
	Journal = {The Lancet},
	Number = {8614},
	Pages = {759--764},
	Title = {{Controlled clinical trial of complete open surgical drainage and of prednisolone in treatment of tuberculous pericardial effusion in Transkei}},
	Volume = {332},
	Year = {1988},
	Bdsk-Url-1 = {http://dx.doi.org/10.1016/S0140-6736(88)92415-4}}

@article{Strang1994,
	Author = {J.I.G. Strang},
	Doi = {http://dx.doi.org/10.1016/S0163-4453(94)91593-8},
	Issn = {0163-4453},
	Journal = {Journal of Infection},
	Number = {3},
	Pages = {251 - 254},
	Title = {Rapid resolution of tuberculous pericardial effusions with high dose prednisone and anti-tuberculous drugs},
	Url = {http://www.sciencedirect.com/science/article/pii/S0163445394915938},
	Volume = {28},
	Year = {1994},
	Bdsk-Url-1 = {http://www.sciencedirect.com/science/article/pii/S0163445394915938},
	Bdsk-Url-2 = {http://dx.doi.org/10.1016/S0163-4453(94)91593-8}}

@article{Strang2004,
	Author = {Strang, J I G and Nunn, A J and Johnson, D A and Casbard, A and Gibson, D G and Girling, D J},
	Issn = {1460-2725},
	Journal = {QJM - Monthly Journal of the Association of Physicians},
	Number = {8},
	Pages = {525--535},
	Title = {{Management of tuberculous constrictive pericarditis and tuberculous pericardial effusion in Transkei: Results at 10 years follow-up}},
	Url = {http://www.embase.com/search/results?subaction=viewrecord{\&}from=export{\&}id=L39144600 http://dx.doi.org/10.1093/qjmed/hch086},
	Volume = {97},
	Year = {2004},
	Bdsk-Url-1 = {http://www.embase.com/search/results?subaction=viewrecord%7B%5C&%7Dfrom=export%7B%5C&%7Did=L39144600%20http://dx.doi.org/10.1093/qjmed/hch086}}

@article{Syed2005,
	Author = {Syed, Faisal F and Mayosi, Bongani M and Opie, L.H. and Mayosi, B.M. and Commerford, P. and Mayosi, B. and {et al.}},
	Doi = {10.1016/j.pcad.2007.03.002},
	File = {::},
	Issn = {0033-0620},
	Journal = {Progress in cardiovascular diseases},
	Number = {3},
	Pages = {218--36},
	Pmid = {17976506},
	Publisher = {Elsevier},
	Title = {{A modern approach to tuberculous pericarditis.}},
	Volume = {50},
	Year = {2005},
	Bdsk-Url-1 = {http://dx.doi.org/10.1016/j.pcad.2007.03.002}}

@article{Syed2014,
	Author = {Syed, F F and Ntsekhe, M and Gumedze, F and Badri, M and Mayosi, B M},
	Issn = {1355-6037},
	Journal = {Heart},
	Number = {2},
	Pages = {135--139},
	Title = {{Myopericarditis in tuberculous pericardial effusion: Prevalence, predictors and outcome}},
	Url = {http://www.embase.com/search/results?subaction=viewrecord{\&}from=export{\&}id=L52920597 http://heart.bmj.com/content/100/2/135.full.pdf+html http://dx.doi.org/10.1136/heartjnl-2013-304786},
	Volume = {100},
	Year = {2014},
	Bdsk-Url-1 = {http://www.embase.com/search/results?subaction=viewrecord%7B%5C&%7Dfrom=export%7B%5C&%7Did=L52920597%20http://heart.bmj.com/content/100/2/135.full.pdf+html%20http://dx.doi.org/10.1136/heartjnl-2013-304786}}

@article{Thompson1997,
	Author = {Thompson, Simon G. and Smith, Teresa C. and Sharp, Stephen J.},
	Doi = {10.1002/(SICI)1097-0258(19971215)16:23<2741::AID-SIM703>3.0.CO;2-0},
	File = {::},
	Issn = {0277-6715},
	Journal = {Statistics in Medicine},
	Month = {dec},
	Number = {23},
	Pages = {2741--2758},
	Publisher = {John Wiley {\&} Sons, Ltd.},
	Title = {{Investigating underlying risk as a source of heterogeneity in meta-analysis}},
	Volume = {16},
	Year = {1997},
	Bdsk-Url-1 = {http://dx.doi.org/10.1002/(SICI)1097-0258(19971215)16:23%3C2741::AID-SIM703%3E3.0.CO;2-0}}

@article{Viechtbauer2010,
	Author = {Viechtbauer, Wolfgang},
	Doi = {10.18637/jss.v036.i03},
	Issn = {1548-7660},
	Journal = {Journal of Statistical Software},
	Number = {1},
	Pages = {1--48},
	Title = {{Conducting Meta-Analyses in R with the metafor Package}},
	Volume = {36},
	Year = {2010},
	Bdsk-Url-1 = {http://dx.doi.org/10.18637/jss.v036.i03}}

@book{Viswanathan2013,
	Author = {Viswanathan, Meera and Berkman, Nancy D and Dryden, Donna M and Hartling, Lisa},
	Booktitle = {Assessing Risk of Bias and Confounding in Observational Studies of Interventions or Exposures: Further Development of the RTI Item Bank},
	Pmid = {24006553},
	Publisher = {Agency for Healthcare Research and Quality (US)},
	Title = {{Assessing Risk of Bias and Confounding in Observational Studies of Interventions or Exposures: Further Development of the RTI Item Bank}},
	Year = {2013}}

@book{Welton2012,
	Author = {Welton, Nicky J.},
	Isbn = {9780470061091},
	Publisher = {Wiley},
	Title = {{Evidence synthesis for decision making in healthcare}},
	Year = {2012}}

@article{who,
	Author = {{World Health Organization}},
	Journal = {WHO},
	Keywords = {Publication [doctype],antibiotic resistance,antimicrobial,antimicrobial drug resistance,drug resistance [subject],tb,tuberculosis [subject]},
	Publisher = {World Health Organization},
	Title = {{WHO | Guidelines for treatment of tuberculosis}},
	Year = {2015}}
